%%%%%%%%%%%%%%%%%%%%%%%%%%%%%%%%%%%%%%
%%%%% Examples of common entries %%%%%
%%%%%%%%%%%%%%%%%%%%%%%%%%%%%%%%%%%%%%

@article{example-article,
    author = {I. Surname and I. Surname and I. Surname},
    title = {The Title of the Article},
    journal = {The Title of the Journal},
    volume = {1},
    number = {2},
    pages = {123-456},
    year = {2000},
    note = {}
}

@book{example-book,
    author = {I. Surname and I. Surname and I. Surname},
    title = {The Title of the Book},
    publisher = {Publisher},
    year = {2000},
    edition = {8th ed.},
    address = {City, State or Country},
    note = {}
}

@online{example-website,
    author = {{Website Name} <OR> I. Surname and I. Surname and I. Surname},
    title = {Title of the Website},
    url = {https://example.com},
    urldate = {2020-12-24},
    year = {2000}
}

%%%%%%%%%%%%%%%%%%%%%%%%%%%%%%%%%
%%%%% Start of bibliography %%%%%
%%%%%%%%%%%%%%%%%%%%%%%%%%%%%%%%%

 @misc{sysid-state, 
 	place={Delft}, 
	 title={Lecture 4,5,6: State Estimation (AE4320 System Identification of Aerospace Vehicles)}, 
	 publisher={TU Delft}, 
	 author={Pool, Daan}, 
	 year={2022}
	 } 
	 
 @misc{sysid-parameter, 
 	place={Delft}, 
	 title={Lecture 7,8: Parameter Estimation (AE4320 System Identification of Aerospace Vehicles)}, 
	 publisher={TU Delft}, 
	 author={de Visser, Coen}, 
	 year={2022}
	 } 
	 
 @misc{sysid-nn, 
 	place={Delft}, 
	 title={Lecture 9: Introduction to Neural Networks (AE4320 System Identification of Aerospace Vehicles)}, 
	 publisher={TU Delft}, 
	 author={de Visser, Coen}, 
	 year={2022}
	 } 